<?xml version="1.0" encoding="UTF-8"?><collection xmlns="http://www.loc.gov/MARC21/slim"><record><leader>00454nam--2200181-i-4500</leader><controlfield tag="001">000029073</controlfield><controlfield tag="002">20161230</controlfield><controlfield tag="005">20161230201037</controlfield><controlfield tag="008">060222s1000------------r-----000-0-rum-d</controlfield><datafield ind1=" " ind2=" " tag="040"><subfield code="a">IFIN-HH</subfield></datafield><datafield ind1=" " ind2=" " tag="041"><subfield code="a">rum</subfield></datafield><datafield ind1=" " ind2=" " tag="080"><subfield code="a">531.19=03.82</subfield></datafield><datafield ind1="1" ind2=" " tag="100"><subfield code="a">Levici, V.G</subfield></datafield><datafield ind1="1" ind2="0" tag="245"><subfield code="a">Introducere in fizica statistica</subfield><subfield code="c">V.g. levici</subfield></datafield><datafield ind1=" " ind2=" " tag="260"><subfield code="a">Bucuresti</subfield><subfield code="b">Editura Tehnica</subfield><subfield code="c">1954</subfield></datafield><datafield ind1=" " ind2=" " tag="300"><subfield code="a">466P.+ ERATA</subfield></datafield><datafield ind1=" " ind2=" " tag="852"><subfield code="a">3496</subfield><subfield code="c">H.H</subfield></datafield><datafield ind1=" " ind2=" " tag="CAT"><subfield code="a">Sys</subfield><subfield code="c">20130326</subfield><subfield code="h">165004</subfield></datafield></record></collection>